@book{mohan,
AUTHOR = "N. Mohan",
title = {{P}ower Electronics: A First Course},
year = {2012}
}

@phdthesis{ridley,
school = {Virginia Tech},
author = "R. Ridley",
title = {{A} New Small-Signal Model for Current-Mode Control },
year = {1990}
}

@mastersthesis{stability,
school = {RIT}, 
title = {{S}tability Analysis of Switched DC-DC Boost Converters for Integrated Circuits},
author = {K. C. Fronczak},
}

@booklet{designersSeries, 
title = {{D}esigner's Series, Part 5: Current-Mode Control Modeling},
author = {R. Ridley},
year = {2006}
}

@booklet{switchingLoss,
AUTHOR = {P. Haaf and J. Harper},
title = {{U}nderstnading Diode Reverse Recovery and its Effect on Switching Losses},
year = {2007}
}

@book{materials,
    author    = "S.O. Kasap",
    title     = "Principles of Electronic Materials and Devices",
    year      = "2006",
    publisher = "McGraw Hill",
    address   = "New York, New York"
}

@book{transphorm,
    author  = {{T}ransphorm},
    title         = {{Transphorm \textsuperscript{\textregistered}} Designing Hard-switched Bridges with GaN},
    series        = {AN0004},
    year          =  {2014},
}

@book{tiAppReportControl,
	author        = {{Texas Instruments}},
	title         = {{Texas Instruments\textsuperscript{\textregistered} PV Inverter Design Using Solar Explorer Kit}},
	year          = {2013},
	month         = {July},
	series        = {SPRABR4A},
}


@book{tiCurrentMode,
	author        = {{Texas Instruments}},
	title         = {{Texas Instruments\textsuperscript{\textregistered} Understanding and Applying Current-Mode Control Theory}},
	year          = {2007},
	month         = {October},
	series        = {SNVA555},
}


@book{digitalPeakCurrentMode,
	author        = {{Texas Instruments}},
	title         = {{Texas Instruments\textsuperscript{\textregistered} Digital Peak Current Mode Control With Slope Compensation Using the TMS320F2803x}},
	year          = {2012},
	month         = {April},
	series        = {SPRABE7A},
}


@inproceedings {ricardo,
	title = {A Robust Hybrid Control Algorithm for a Single-Phase DC/AC Inverter with Variable Input Voltage},
	booktitle = {Proceedings of the 2014 American Control Conference},
	year = {2014},
	pages = {1420-1425},
	keywords = {hybrid systems},
	author = {J. Chai and R. G. Sanfelice}
}


@book{microchip,
	author        = {{Microchip Technology Inc.}},
	title         = {{Microchip\textsuperscript{\textregistered} Grid-Connected Solar Microinverter 
Reference Design Using a dsPIC Digital Signal Controller }},
	year          = {2010-2011},
	series        = {AN13338},
}


@book{SharpPanel,
	author        = {{Sharp Electronics Corporation}},
	title         = {{Sharp\textsuperscript{\textregistered} Poly-Crystalline Silicon Photovoltaic Module 
with 170W Maximum Power}},
	year          = {2007},
	series        = {SESG-170U1-607},
}


@book{kwasinski,
	author        = {{A. Kwasinski}},
	title         = {{University of Texas\textsuperscript{\textregistered} EE462L DC-DC Boost Converter}},
	year          = {2014},
}


@book{cree,
	author        = {{Cree, Inc.}},
	title         = {{CREE\textsuperscript{\textregistered} Selection Guide of SiC Schottky Diode in CCM PFC Applications }},
	year          = {2012},
	series        = {CPWR-AN05, REV A},
	}

@booklet{hasaneen,
	author = {{Hasaneen, B.M. and Mohammed, Adel A. Elbaset}},
	title = {{DESIGN AND SIMULATION OF DC/DC BOOST CONVERTER }},
	year          = {2008},
}


\end{comment}
